

@techreport{verizon2024dbir,
    title = {2024 Data Breach Investigations Report},
    author = {{Verizon Business}},
    year = {2024},
    institution = {Verizon},
    url = {
           https://www.verizon.com/business/resources/reports/2024-dbir-data-breach-investigations-report.pdf
           },
    note = {Accessed: 2025-05-21},
}

@inproceedings{MentalManip,
    title = {MentalManip: A Dataset For Fine-grained Analysis of Mental
             Manipulation in Conversations},
    author = {[Yuxin Wang AND Ivory Yang ASD Saeed Hassanpour AND Soroush
              Vosoughi]},
    booktitle = {Proceedings of the 62nd Annual Meeting of the Association for
                 Computational Linguistics (Volume 1: Long Papers)},
    pages = {3747--3764},
    year = {2024},
    url = {https://aclanthology.org/2024.acl-long.206},
}

@misc{PhishingEmailDataset,
    title = {Novel Interpretable and Robust Web-based AI Platform for Phishing
             Email Detection},
    author = {Abdulla Al-Subaiey and Mohammed Al-Thani and Naser Abdullah Alam
              and Kaniz Fatema Antora and Amith Khandakar and SM Ashfaq Uz Zaman},
    year = {2024},
    eprint = {2405.11619},
    archivePrefix = {arXiv},
    primaryClass = {cs.LG},
    url = {https://arxiv.org/abs/2405.11619},
}

@inproceedings{MentalManipDataset,
    title = {MentalManip: A Dataset For Fine-grained Analysis of Mental
             Manipulation in Conversations},
    author = {Yuxin Wang Ivory Yang Saeed Hassanpour Soroush Vosoughi},
    booktitle = {Proceedings of the 62nd Annual Meeting of the Association for
                 Computational Linguistics (Volume 1: Long Papers)},
    pages = {3747--3764},
    year = {2024},
    url = {https://huggingface.co/datasets/audreyeleven/MentalManip},
}

@unknown{ImprovedPhishing,
    author = {Jamal, Suhaima and Wimmer, Hayden and Sarker, Iqbal},
    year = {2023},
    month = {11},
    title = {An Improved Transformer-based Model for Detecting Phishing, Spam,
             and Ham: A Large Language Model Approach},
    doi = {10.21203/rs.3.rs-3608294/v1},
}

@article{SALLOUM202119,
    title = {Phishing Email Detection Using Natural Language Processing
             Techniques: A Literature Survey},
    journal = {Procedia Computer Science},
    volume = {189},
    pages = {19-28},
    year = {2021},
    note = {AI in Computational Linguistics},
    issn = {1877-0509},
    doi = {https://doi.org/10.1016/j.procs.2021.05.077},
    url = {https://www.sciencedirect.com/science/article/pii/S1877050921011741},
    author = {Said Salloum and Tarek Gaber and Sunil Vadera and Khaled Shaalan},
}

     
@inproceedings{CornellMovieCorpus,
    author = {Cristian Danescu-Niculescu-Mizil and Lillian Lee},
    title = {Chameleons in imagined conversations: A new approach to
             understanding coordination of linguistic style in dialogs.},
    booktitle = {Proceedings of the Workshop on Cognitive Modeling and
                 Computational Linguistics, ACL 2011},
    year = {2011},
}


 @misc{BERTweet,
    title = {BERTweet: A pre-trained language model for English Tweets},
    author = {Dat Quoc Nguyen and Thanh Vu and Anh Tuan Nguyen},
    year = {2020},
    eprint = {2005.10200},
    archivePrefix = {arXiv},
    primaryClass = {cs.CL},
    url = {https://arxiv.org/abs/2005.10200},
}   
@misc{DeBERTaV3,
    title = {DeBERTaV3: Improving DeBERTa using ELECTRA-Style Pre-Training with
             Gradient-Disentangled Embedding Sharing},
    author = {Pengcheng He and Jianfeng Gao and Weizhu Chen},
    year = {2023},
    eprint = {2111.09543},
    archivePrefix = {arXiv},
    primaryClass = {cs.CL},
    url = {https://arxiv.org/abs/2111.09543},
}

   @article{BERT-base-Article,
    author = {Jacob Devlin and Ming{-}Wei Chang and Kenton Lee and Kristina
              Toutanova},
    title = {{BERT:} Pre-training of Deep Bidirectional Transformers for
             Language Understanding},
    journal = {CoRR},
    volume = {abs/1810.04805},
    year = {2018},
    url = {http://arxiv.org/abs/1810.04805},
    archivePrefix = {arXiv},
    eprint = {1810.04805},
    timestamp = {Tue, 30 Oct 2018 20:39:56 +0100},
    biburl = {https://dblp.org/rec/journals/corr/abs-1810-04805.bib},
    bibsource = {dblp computer science bibliography, https://dblp.org},
}


@misc{BERT-base,
    author = {Google AI},
    title = {BERT-base},
    year = {2019},
    howpublished = {\url{https://huggingface.co/google-bert/bert-base-uncased}},
    note = {Accessed: 2025-07-21},
}

@misc{RoBERTa,
    author = {Facebook AI},
    title = {RoBERTa},
    year = {2019},
    howpublished = {\url{https://huggingface.co/FacebookAI/roberta-base}},
    note = {Accessed: 2025-07-21},
}

@misc{DistilBERT,
    author = {Hugging Face},
    title = {DistilBERT},
    year = {2019},
    howpublished = {\url{https://huggingface.co/distilbert-base-uncased}},
    note = {Accessed: 2025-07-21},
}

@misc{ModernBERT,
    author = {Answerdot AI},
    title = {ModernBERT},
    year = {2021},
    howpublished = {\url{https://huggingface.co/answerdotai/ModernBERT-base}},
    note = {Accessed: 2025-07-21},
}

@misc{BERTweet,
    author = {Vinai},
    title = {BERTweet},
    year = {2020},
    howpublished = {\url{https://huggingface.co/vinai/bertweet-base}},
    note = {Accessed: 2025-07-21},
}

@misc{EmotionBERT,
    author = {BorisN},
    title = {EmotionBERT},
    year = {2023},
    howpublished = {\url{
                    https://huggingface.co/borisn70/bert-43-multilabel-emotion-detection
                    }},
    note = {Accessed: 2025-07-21},
}



@misc{LoRA_Article,
    title = {LoRA: Low-Rank Adaptation of Large Language Models},
    author = {Edward J. Hu and Yelong Shen and Phillip Wallis and Zeyuan
              Allen-Zhu and Yuanzhi Li and Shean Wang and Lu Wang and Weizhu Chen
              },
    year = {2021},
    eprint = {2106.09685},
    archivePrefix = {arXiv},
    primaryClass = {cs.CL},
    url = {https://arxiv.org/abs/2106.09685},
}
